@inproceedings{Matas,
   title = {Robust Wide Baseline Stereo from Maximally Stable Extremal Regions},
   author = {Matas, J. and Chum, O. and Urban, M. and Pajdla, T.},
   year = {2002},
   pages = {36.1-36.10},
   booktitle = {Proc. BMVC},
   isbn = {1-901725-19-7},
}
@ARTICLE{Comparison,
    author = {K. Mikolajczyk and T. Tuytelaars and C. Schmid and A. Zisserman and J. Matas and F. Schaffalitzky and T. Kadir and L. Van Gool},
    title = {A comparison of affine region detectors},
    journal = {International Journal of Computer Vision},
    year = {2005}
}
@thesis{Pohl2002,
  author       = {Petr Pohl},
  title        = {Simulace průletu paprsků transparentním objektem},
  institution  = {Czech Technical university in Prague},
  date         = 2002,
  supervisor   = {Ing. Vladimír Smutný, Ph.D.},
}
@Book{bodlakLADOK,
  author =       {Bodlák, Igor},
  title =        {Rozšíření toolboxu LADOK, Semestrální práce},
  publisher =    {Czech Technical University in Prague},
  year =         {2004},
}
@Book{strakaLADOK,
  author =       {Straka, Matěj},
  title =        {Tails of beam simulation in LADOK, Semester project},
  publisher =    {Czech Technical University in Prague},
  year =         {2013},
}
@thesis{Bodlak2005,
  author       = {Igor Bodlák},
  title        = {Modelování a analýza broušeného kamene},
  institution  = {Czech Technical university in Prague},
  date         = 2005,
  supervisor   = {Ing. Vladimír Smutný, Ph.D.},
}
@thesis{Drapela,
  author       = {Jakub Drápela},
  title        = {Měření barevných broušených kamenů},
  institution  = {Czech Technical university in Prague},
  date         = 2015,
  supervisor   = {Ing. Vladimír Smutný, Ph.D.},
}
@ARTICLE{SEXarticle,
   author = {{Bertin}, E. and {Arnouts}, S.},
    title = "{SExtractor: Software for source extraction.}",
 keywords = {METHODS: DATA ANALYSIS, TECHNIQUES: IMAGE PROCESSING, GALAXIES: PHOTOMETRY},
     year = 1996,
    month = jun,
   volume = 117,
    pages = {393-404},
   adsurl = {http://adsabs.harvard.edu/abs/1996A%26AS..117..393B},
  adsnote = {Provided by the SAO/NASA Astrophysics Data System}
}
@manual{SExtractorManual,
    author = {Bertin, E.},
    citeulike-article-id = {159020},
    citeulike-linkout-0 = {http://terapix.iap.fr/IMG/pdf/sextractor.pdf},
    keywords = {photometry, sextractor, software},
    organization = {Institud d'Astrophysique \& Observatorie de Paris},
    posted-at = {2017-03-14},
    priority = {0},
    title = {{SE}xtractor v2.5 User's Manual},
    url = {http://terapix.iap.fr/IMG/pdf/sextractor.pdf}
}
@article{PolarTrace,
author = {Katsushi Ikeuchi and Daisuke Miyazaki},
title = {Shape Estimation of Transparent Objects by Using Inverse Polarization Ray Tracing},
journal = {IEEE Transactions on Pattern Analysis \& Machine Intelligence},
volume = {29},
number = {},
issn = {0162-8828},
year = {2007},
pages = {2018-2030},
doi = {doi.ieeecomputersociety.org/10.1109/TPAMI.2007.1117},
publisher = {IEEE Computer Society},
address = {Los Alamitos, CA, USA}
}
@article{Kutulakos2008,
author="Kutulakos, Kiriakos N.
and Steger, Eron",
title="A Theory of Refractive and Specular 3D Shape by Light-Path Triangulation",
journal="International Journal of Computer Vision",
year="2008",
volume="76",
number="1",
pages="13--29",
issn="1573-1405",
doi="10.1007/s11263-007-0049-9",
url="http://dx.doi.org/10.1007/s11263-007-0049-9"
}
@book{Handbook,
 author = {Bass, Michael and DeCusatis, Casimer and Enoch, Jay and Lakshminarayanan, Vasudevan and Li, Guifang and Macdonald, Carolyn and Mahajan, Virendra and Van Stryland, Eric},
 title = {Handbook of Optics, Third Edition Volume I: Geometrical and Physical Optics, Polarized Light, Components and Instruments(Set) - chapter 12. Polarization},
 year = {2010},
 isbn = {0071498893, 9780071498890},
 edition = {3},
 publisher = {McGraw-Hill, Inc.},
 address = {New York, NY, USA}
}
@book{HandbookDiff,
 author = {Bass, Michael and DeCusatis, Casimer and Enoch, Jay and Lakshminarayanan, Vasudevan and Li, Guifang and Macdonald, Carolyn and Mahajan, Virendra and Van Stryland, Eric},
 title = {Handbook of Optics, Third Edition Volume I: Geometrical and Physical Optics, Polarized Light, Components and Instruments(Set) - chapter 3. Diffraction},
 year = {2010},
 isbn = {0071498893, 9780071498890},
 edition = {3},
 publisher = {McGraw-Hill, Inc.},
 address = {New York, NY, USA}
}
@url{Sarine,
  author =   {Cut \& Symmetry Archives - Sarine},
  title =   {Sarine - A World leading company in the diamond industry new - Sarine},
  howpublished =  {\url{http://sarine.com/?product_category=cut-symmetry}},
  note =   {Copyright ©2017 Sarine [cit. 17.05.2017] }
}
@url{DiaScan,
  author =   {Sarine},
  title =   {DiaScan S+},
  howpublished =  {\url{http://files.jewellerynetasia.com/FileUpload/migrateddata/UserUploadImage/Showroom/Product/400/102ce128-4d0f-4402-8c92-4fb7be884d8a.jpg}},
  note =   {JewellyNetAsia, [Online; accessed 2017-05-18], Obrázek ve formátu PNG}
}
